@article{usman2016computer,
  title={Computer Vision Techniques Applied for Diagnostic Analysis of Retinal OCT Images: A Review},
  author={Usman, Muhammad and Fraz, Muhammad Moazam and Barman, Sarah A},
  journal={Archives of Computational Methods in Engineering},
  pages={1--17},
  year={2016}
}

@article{Quigley:2006,
	title={The number of people with glaucoma worldwide in 2010 and 2020},
	author={Quigley, Harry A and Broman, Aimee T},
	journal={British journal of ophthalmology},
	volume={90},
	number={3},
	pages={262--267},
	year={2006}
}

@article{Mittapalli:2016,
	title={Segmentation of optic disk and optic cup from digital fundus images for the assessment of glaucoma},
	author={Mittapalli, Pardha Saradhi and Kande, Giri Babu},
	journal={Biomedical Signal Processing and Control},
	volume={24},
	pages={34--46},
	year={2016}
}

@article{acharya2011automated,
  title={Automated diagnosis of glaucoma using texture and higher order spectra features},
  author={Acharya, U Rajendra and Dua, Sumeet and Du, Xian and Chua, Chua Kuang and others},
  journal={IEEE transactions on Information Technology in Biomedicine},
  volume={15},
  number={3},
  pages={449--455},
  year={2011}
}

@inproceedings{simonthomas2014automated,
  title={Automated diagnosis of glaucoma using Haralick texture features},
  author={Simonthomas, S and Thulasi, N and Asharaf, P},
  booktitle={IEEE International Conference on Information Communication and Embedded Systems},
  pages={1--6},
  year={2014},
}

@article{salam2016automated,
  title={Automated detection of glaucoma using structural and non structural features},
  author={Salam, Anum A and Khalil, Tehmina and Akram, M Usman and Jameel, Amina and Basit, Imran},
  journal={SpringerPlus},
  volume={5},
  number={1},
  pages={1519},
  year={2016}
}

@article{srinivasancomplex,
  title={Complex Texture Features for Glaucomatous Image classification System using Fundus Images},
  author={Srinivasan, C and Dubey, Suneel and Ganeshbabu, TR},
  volume={2},
  number={13},
  year = {2016}
}

@inproceedings{kotyk2016semi,
  title={Semi-automated System for Cup to Disc Measurement for Diagnosing Glaucoma Using Classification Paradigm},
  author={Kotyk, Taras and Chakraborty, Sayan and Dey, Nilanjan and Gaber, Tarek and Hassanien, Aboul Ella and Snasel, Vaclav},
  booktitle={Proceedings of the Second International Afro-European Conference for Industrial Advancement},
  pages={653--663},
  year={2016}
}

@article{claro2016automatic,
  title={Automatic Glaucoma Detection Based on Optic Disc Segmentation and Texture Feature Extraction},
  author={Claro, Ma{\'\i}la and Santos, Leonardo and Silva, Wallinson and Ara{\'u}jo, Fl{\'a}vio and Moura, Nayara and Macedo, Andr{\'e}},
  journal={CLEI Electronic Journal},
  volume={19},
  number={2},
  pages={5--5},
  year={2016}
}

@inproceedings{orlando2017convolutional,
  title={Convolutional neural network transfer for automated glaucoma identification},
  author={Orlando, Jos{\'e} Ignacio and Prokofyeva, Elena and del Fresnob, Mariana and Blaschko, Matthew},
  booktitle={12th International Symposium on Medical Information Processing and Analysis},
  pages={101600U--101600U},
  year={2017}
}

@incollection{Krizhevsky:2012,
	title = {ImageNet Classification with Deep Convolutional Neural Networks},
	author = {Alex Krizhevsky and Sutskever, Ilya and Hinton, Geoffrey E},
	booktitle = {Advances in Neural Information Processing Systems 25},
	editor = {F. Pereira and C. J. C. Burges and L. Bottou and K. Q. Weinberger},
	pages = {1097-1105},
	year = {2012}
}

@inproceedings{Jia:2014,
	author = {Jia, Yangqing and Shelhamer, Evan and Donahue, Jeff and Karayev, Sergey and Long, Jonathan and Girshick, Ross and Guadarrama, Sergio and Darrell, Trevor},
	title = {Caffe: Convolutional Architecture for Fast Feature Embedding},
	booktitle = {Proceedings of the 22Nd ACM International Conference on Multimedia},
	year = {2014},
	pages = {675--678},
	numpages = {4},
	address = {New York, NY, USA}
} 

@InProceedings{Chatfield14,
  author       = "Chatfield, K. and Simonyan, K. and Vedaldi, A. and Zisserman, A.",
  title        = "Return of the Devil in the Details: Delving Deep into Convolutional Nets",
  booktitle    = "British Machine Vision Conference",
  year         = "2014",
  eprint       = "1405.3531"
}


@inproceedings{ojala1997unsupervised,
  title={Unsupervised texture segmentation using feature distributions},
  author={Ojala, Timo and Pietik{\"a}inen, Matti},
  booktitle={International Conference on Image Analysis and Processing},
  pages={311--318},
  year={1997}
}

@article{haralick1973textural,
  title={Textural features for image classification},
  author={Haralick, Robert M and Shanmugam, Karthikeyan and others},
  journal={IEEE Transactions on systems, man, and cybernetics},
  volume={3},
  number={6},
  pages={610--621},
  year={1973}
}


@inproceedings{dalal2005histograms,
  title={Histograms of oriented gradients for human detection},
  author={Dalal, Navneet e Triggs, Bill},
  booktitle={IEEE Computer Society Conference on Computer Vision and Pattern Recognition},
  volume={1},
  pages={886--893},
  year={2005}
}

@article{tamura1978textural,
  title={Textural features corresponding to visual perception},
  author={Tamura, Hideyuki and Mori, Shunji and Yamawaki, Takashi},
  journal={IEEE Transactions on Systems, Man, and Cybernetics},
  volume={8},
  number={6},
  pages={460--473},
  year={1978}
}

@article{galloway1975texture,
  title={Texture analysis using gray level run lengths},
  author={Galloway, Mary M},
  journal={Computer graphics and image processing},
  volume={4},
  number={2},
  pages={172--179},
  year={1975}
}



@article{chu1990use,
  title={Use of gray value distribution of run lengths for texture analysis},
  author={Chu, A and Sehgal, Chandra M and Greenleaf, James F},
  journal={Pattern Recognition Letters},
  volume={11},
  number={6},
  pages={415--419},
  year={1990}
}

@article{dasarathy1991image,
  title={Image characterizations based on joint gray levelâ€”run length distributions},
  author={Dasarathy, Belur V e Holder, Edwin B},
  journal={Pattern Recognition Letters},
  volume={12},
  number={8},
  pages={497--502},
  year={1991}
}

@article{quinlan1986induction,
  title={Induction of decision trees},
  author={Quinlan, J. Ross},
  journal={Machine learning},
  volume={1},
  number={1},
  pages={81--106},
  year={1986}
}

@article{hall2009weka,
  title={The WEKA data mining software: an update},
  author={Hall, Mark and Frank, Eibe and Holmes, Geoffrey and Pfahringer, Bernhard and Reutemann, Peter and Witten, Ian H},
  journal={ACM SIGKDD explorations newsletter},
  volume={11},
  number={1},
  pages={10--18},
  year={2009}
}


@article{cortes1995support,
  title={Support-vector networks},
  author={Cortes, Corinna and Vapnik, Vladimir},
  journal={Machine learning},
  volume={20},
  number={3},
  pages={273--297},
  year={1995}
}


@techreport{rumelhart1985learning,
  title={Learning internal representations by error propagation},
  author={Rumelhart, David E and Hinton, Geoffrey E and Williams, Ronald J},
  year={1985},
  institution={California Univ San Diego La Jolla Inst for Cognitive Science}
}

@article{breiman2001random,
  title={Random forests},
  author={Breiman, Leo},
  journal={Machine learning},
  volume={45},
  number={1},
  pages={5--32},
  year={2001}
}



@article{chimieski2013association,
  title={Association and classification data mining algorithms comparison over medical datasets},
  author={Chimieski, Bruno Fernandes and Fagundes, Rubem Dutra Ribeiro},
  journal={Journal of health informatics},
  volume={5},
  number={2},
  year={2013}
}


@techreport{powers2007evaluation,
  title={Evaluation: From Precision, Recall and F-Factor to ROC, Informedness, Markedness \& Correlation, School of Informatics and Engineering, Flinders University, Adelaide, Australia},
  author={Powers, David MW},
  year={2007},
  institution={TR SIE-07-001, Journal of Machine Learning Technologies 2: 1 37-63.}
}



@article{rosenfield1986coefficient,
  title={A coefficient of agreement as a measure of thematic classification accuracy.},
  author={Rosenfield, George H and Fitzpatrick-Lins, Katherine},
  journal={Photogrammetric engineering and remote sensing},
  volume={52},
  number={2},
  pages={223--227},
  year={1986}
}

@article{landis1977measurement,
  title={The measurement of observer agreement for categorical data},
  author={Landis, J Richard and Koch, Gary G},
  journal={Biometrics},
  pages={159--174},
  year={1977}
}

@inproceedings{sivaswamy2014drishti,
  title={Drishti-gs: Retinal image dataset for optic nerve head (onh) segmentation},
  author={Sivaswamy, Jayanthi and Krishnadas, SR and Joshi, Gopal Datt and Jain, Madhulika and Tabish, A Ujjwaft Syed},
  booktitle={IEEE 11th International Symposium on Biomedical Imaging},
  pages={53--56},
  year={2014}
}

@inproceedings{Fumero:2011,
  title={RIM-ONE: An open retinal image database for optic nerve evaluation},
  author={Fumero, F and Alay{\'o}n, Silvia and Sanchez, JL and Sigut, J and Gonzalez-Hernandez, M},
  booktitle={IEEE 24th International Symposium on Computer-Based Medical Systems},
  pages={1--6},
  year={2011}
}
